@book{Bondy:2008,
  address = {London},
  author = {Bondy, Adrian and Murty, U.S.R.},
  booktitle = {Graduate texts in mathematics, 224},
  description = {Graph Theory},
  publisher = {Springer-Verlag},
  title = {Graph Theory},
  year = {2008}
}

@book{Ziegler:1995,
  address = {New York},
  author = {Ziegler, GÃ¼nter M.},
  booktitle = {Graduate texts in mathematics, 152},
  description = {Lectures on Polytopes},
  publisher = {Springer-Verlag},
  title = {Lectures on Polytopes},
  year = {1995}
}

@article{Hogan:1973,
abstract = {Properties of point-to-set maps are studied from an elementary viewpoint oriented toward applications in mathematical programming. A number of different definitions and results are compared and integrated. Conditions establishing continuity of extremal value functions and properties of maps determined by inequalities are included. CR - Copyright {\&}{\#}169; 1973 Society for Industrial and Applied Mathematics},
author = {Hogan, William W},
doi = {10.2307/2028579},
file = {:Users/Manuel/Documents/Paper/Unsorted/1015073.pdf:pdf},
isbn = {10.1137/1015073},
issn = {00361445},
journal = {SIAM Review},
number = {3},
pages = {591--603},
title = {{Point-to-Set Maps in Mathematical Programming}},
url = {http://www.jstor.org/stable/2028579},
volume = {15},
year = {1973}
}


@BOOK{Rudin:91,
author = {Rudin, Walter},
Publisher = {McGraw-Hill},
Series = {International Series in Pure and Applied Mathematics},
Edition = {2nd},
title = {Functional Analysis},
year = {1991}
}

@INPROCEEDINGS{spjotvold:2005, 
author={Spj{\o}tvold, J{\o}rgen and Tondel, Petter and Johansen, Tor A.}, 
booktitle={American Control Conference}, 
title={Unique polyhedral representations of continuous selections for convex multiparametric quadratic programs}, 
year={2005}, 
pages={816-821},
address={Portland, OR},
keywords={predictive control;quadratic programming;constrained optimal control;continuous selections;convex multiparametric quadratic programs;explicit model predictive control;globally continuous piecewise affine optimizer function;polyhedral partition;quadratic programming;unique polyhedral representations;Cybernetics;Electronic mail;Optimal control;Optimization methods;Partitioning algorithms;Predictive control;Predictive models;Quadratic programming;Space technology;Stability}, 
doi={10.1109/ACC.2005.1470060}, 
ISSN={0743-1619}, 
was_month={June}}

@article{Kalai:1988,
author = {Kalai, Gil},
journal = {Journal of Combinatorial Theory},
pages = {381--383},
title = {{A Simple Way to Tell a Simple from Its Graph Polytope}},
volume = {A 49},
year = {1988}
}

@article{Gorokhovik:1993,
author = {Gorokhovik, V.V. and Zorko, O.I.},
file = {:Users/Manuel/Documents/Paper/Unsorted/Gorokhovik{\_}Zorko Piecewise affine functions Optimization 1994 V. 31 P. 209-221.pdf:pdf},
journal = {Optimization},
pages = {2},
title = {{Piecewise Affine Functions and Polyhedral Sets}},
volume = {31},
year = {1993}
}

@article{Finzel:2000,
author = {Finzel, Martina and Li, Wu},
file = {:Users/Manuel/Documents/Paper/Unsorted/j191-2.pdf:pdf},
journal = {Journal of Convex Analysis},
number = {1},
pages = {73--94},
title = {{Piecewise Affine Selections for Piecwise Polyhedral Multifunctions and Metric Projections}},
volume = {7},
year = {2000}
}


@book{Aubin:1990,
author = {Aubin, J. P. and Frankowska, H.},
publisher = {Birkh{\"a}user},
title = {Set-Valued Analysis},
year = {1990}
}

@book{Aubin:2009,
author = {Aubin, Jean-Pierre and Frankowska, H{\'{e}}l{\`{e}}ne},
doi = {10.1007/978-0-8176-4848-0},
edition = {2009 Repri},
isbn = {978-0-8176-4847-3},
publisher = {Birkh{\"{a}}user Boston, MA},
title = {{Set-Valued Analysis}},
year = {2009}
}

@book{blanchini:2007,
  title={Set-Theoretic Methods in Control},
  author={Blanchini, F. and Miani, S.},
  isbn={9780817646066},
  lccn={2007932665},
  year={2008},
  publisher={Springer, London}
}
